%YAML 1.1
%TAG !u! tag:unity3d.com,2011:
--- !u!1 &3783524180556532407
GameObject:
  m_ObjectHideFlags: 0
  m_CorrespondingSourceObject: {fileID: 0}
  m_PrefabInstance: {fileID: 0}
  m_PrefabAsset: {fileID: 0}
  serializedVersion: 6
  m_Component:
  - component: {fileID: 3783524180556532404}
  m_Layer: 0
  m_Name: Player
  m_TagString: Untagged
  m_Icon: {fileID: 0}
  m_NavMeshLayer: 0
  m_StaticEditorFlags: 0
  m_IsActive: 1
--- !u!4 &3783524180556532404
Transform:
  m_ObjectHideFlags: 0
  m_CorrespondingSourceObject: {fileID: 0}
  m_PrefabInstance: {fileID: 0}
  m_PrefabAsset: {fileID: 0}
  m_GameObject: {fileID: 3783524180556532407}
  m_LocalRotation: {x: 0, y: 0, z: 0, w: 1}
  m_LocalPosition: {x: 2.7078772, y: 4.921891, z: 0}
  m_LocalScale: {x: 1, y: 1, z: 1}
  m_Children:
  - {fileID: 2648994826168388393}
  - {fileID: 8167296665831716587}
  m_Father: {fileID: 0}
  m_RootOrder: 0
  m_LocalEulerAnglesHint: {x: 0, y: 0, z: 0}
--- !u!1001 &8339629250339517309
PrefabInstance:
  m_ObjectHideFlags: 0
  serializedVersion: 2
  m_Modification:
    m_TransformParent: {fileID: 3783524180556532404}
    m_Modifications:
    - target: {fileID: 208363593904686486, guid: 4f4704aeec05d1c4eaf231e423198efc,
        type: 3}
      propertyPath: m_LocalPosition.x
      value: 5.292123
      objectReference: {fileID: 0}
    - target: {fileID: 208363593904686486, guid: 4f4704aeec05d1c4eaf231e423198efc,
        type: 3}
      propertyPath: m_LocalPosition.y
      value: -4.670162
      objectReference: {fileID: 0}
    - target: {fileID: 208363593904686486, guid: 4f4704aeec05d1c4eaf231e423198efc,
        type: 3}
      propertyPath: m_LocalPosition.z
      value: 0
      objectReference: {fileID: 0}
    - target: {fileID: 208363593904686486, guid: 4f4704aeec05d1c4eaf231e423198efc,
        type: 3}
      propertyPath: m_LocalRotation.x
      value: -0
      objectReference: {fileID: 0}
    - target: {fileID: 208363593904686486, guid: 4f4704aeec05d1c4eaf231e423198efc,
        type: 3}
      propertyPath: m_LocalRotation.y
      value: -0
      objectReference: {fileID: 0}
    - target: {fileID: 208363593904686486, guid: 4f4704aeec05d1c4eaf231e423198efc,
        type: 3}
      propertyPath: m_LocalRotation.z
      value: -0
      objectReference: {fileID: 0}
    - target: {fileID: 208363593904686486, guid: 4f4704aeec05d1c4eaf231e423198efc,
        type: 3}
      propertyPath: m_LocalRotation.w
      value: 1
      objectReference: {fileID: 0}
    - target: {fileID: 208363593904686486, guid: 4f4704aeec05d1c4eaf231e423198efc,
        type: 3}
      propertyPath: m_RootOrder
      value: 1
      objectReference: {fileID: 0}
    - target: {fileID: 208363593904686486, guid: 4f4704aeec05d1c4eaf231e423198efc,
        type: 3}
      propertyPath: m_LocalEulerAnglesHint.x
      value: 0
      objectReference: {fileID: 0}
    - target: {fileID: 208363593904686486, guid: 4f4704aeec05d1c4eaf231e423198efc,
        type: 3}
      propertyPath: m_LocalEulerAnglesHint.y
      value: 0
      objectReference: {fileID: 0}
    - target: {fileID: 208363593904686486, guid: 4f4704aeec05d1c4eaf231e423198efc,
        type: 3}
      propertyPath: m_LocalEulerAnglesHint.z
      value: 0
      objectReference: {fileID: 0}
    - target: {fileID: 208363593904686487, guid: 4f4704aeec05d1c4eaf231e423198efc,
        type: 3}
      propertyPath: m_Name
      value: Paddle
      objectReference: {fileID: 0}
    m_RemovedComponents: []
  m_SourcePrefab: {fileID: 100100000, guid: 4f4704aeec05d1c4eaf231e423198efc, type: 3}
--- !u!4 &8167296665831716587 stripped
Transform:
  m_CorrespondingSourceObject: {fileID: 208363593904686486, guid: 4f4704aeec05d1c4eaf231e423198efc,
    type: 3}
  m_PrefabInstance: {fileID: 8339629250339517309}
  m_PrefabAsset: {fileID: 0}
--- !u!114 &8167296665831716583 stripped
MonoBehaviour:
  m_CorrespondingSourceObject: {fileID: 208363593904686490, guid: 4f4704aeec05d1c4eaf231e423198efc,
    type: 3}
  m_PrefabInstance: {fileID: 8339629250339517309}
  m_PrefabAsset: {fileID: 0}
  m_GameObject: {fileID: 0}
  m_Enabled: 1
  m_EditorHideFlags: 0
  m_Script: {fileID: 11500000, guid: b603a9c0ddba7e04d9933b5c8b4a3309, type: 3}
  m_Name: 
  m_EditorClassIdentifier: 
--- !u!1001 &8806108811223121880
PrefabInstance:
  m_ObjectHideFlags: 0
  serializedVersion: 2
  m_Modification:
    m_TransformParent: {fileID: 3783524180556532404}
    m_Modifications:
    - target: {fileID: 6842810121340941552, guid: d66266cf3caff0041b43081e27ffae69,
        type: 3}
      propertyPath: m_Name
      value: Ball
      objectReference: {fileID: 0}
    - target: {fileID: 6842810121340941553, guid: d66266cf3caff0041b43081e27ffae69,
        type: 3}
      propertyPath: m_LocalPosition.x
      value: 5.2893834
      objectReference: {fileID: 0}
    - target: {fileID: 6842810121340941553, guid: d66266cf3caff0041b43081e27ffae69,
        type: 3}
      propertyPath: m_LocalPosition.y
      value: -4.222
      objectReference: {fileID: 0}
    - target: {fileID: 6842810121340941553, guid: d66266cf3caff0041b43081e27ffae69,
        type: 3}
      propertyPath: m_LocalPosition.z
      value: 0
      objectReference: {fileID: 0}
    - target: {fileID: 6842810121340941553, guid: d66266cf3caff0041b43081e27ffae69,
        type: 3}
      propertyPath: m_LocalRotation.x
      value: -0
      objectReference: {fileID: 0}
    - target: {fileID: 6842810121340941553, guid: d66266cf3caff0041b43081e27ffae69,
        type: 3}
      propertyPath: m_LocalRotation.y
      value: -0
      objectReference: {fileID: 0}
    - target: {fileID: 6842810121340941553, guid: d66266cf3caff0041b43081e27ffae69,
        type: 3}
      propertyPath: m_LocalRotation.z
      value: -0
      objectReference: {fileID: 0}
    - target: {fileID: 6842810121340941553, guid: d66266cf3caff0041b43081e27ffae69,
        type: 3}
      propertyPath: m_LocalRotation.w
      value: 1
      objectReference: {fileID: 0}
    - target: {fileID: 6842810121340941553, guid: d66266cf3caff0041b43081e27ffae69,
        type: 3}
      propertyPath: m_RootOrder
      value: 0
      objectReference: {fileID: 0}
    - target: {fileID: 6842810121340941553, guid: d66266cf3caff0041b43081e27ffae69,
        type: 3}
      propertyPath: m_LocalEulerAnglesHint.x
      value: 0
      objectReference: {fileID: 0}
    - target: {fileID: 6842810121340941553, guid: d66266cf3caff0041b43081e27ffae69,
        type: 3}
      propertyPath: m_LocalEulerAnglesHint.y
      value: 0
      objectReference: {fileID: 0}
    - target: {fileID: 6842810121340941553, guid: d66266cf3caff0041b43081e27ffae69,
        type: 3}
      propertyPath: m_LocalEulerAnglesHint.z
      value: 0
      objectReference: {fileID: 0}
    - target: {fileID: 6842810121340941565, guid: d66266cf3caff0041b43081e27ffae69,
        type: 3}
      propertyPath: audioClip.Array.size
      value: 4
      objectReference: {fileID: 0}
    - target: {fileID: 6842810121340941565, guid: d66266cf3caff0041b43081e27ffae69,
        type: 3}
      propertyPath: audioClip.Array.data[1]
      value: 
      objectReference: {fileID: 8300000, guid: 3d72f1358a9421a498c7066a1975493a, type: 3}
    - target: {fileID: 6842810121340941565, guid: d66266cf3caff0041b43081e27ffae69,
        type: 3}
      propertyPath: audioClip.Array.data[2]
      value: 
      objectReference: {fileID: 8300000, guid: d3c1eaf2d429d8947a9607f18aa6a216, type: 3}
    - target: {fileID: 6842810121340941565, guid: d66266cf3caff0041b43081e27ffae69,
        type: 3}
      propertyPath: audioClip.Array.data[3]
      value: 
      objectReference: {fileID: 8300000, guid: c2763651b71b2aa45b4ecb67a082feec, type: 3}
    - target: {fileID: 6842810121340941565, guid: d66266cf3caff0041b43081e27ffae69,
        type: 3}
      propertyPath: paddle
      value: 
      objectReference: {fileID: 8167296665831716583}
    m_RemovedComponents: []
  m_SourcePrefab: {fileID: 100100000, guid: d66266cf3caff0041b43081e27ffae69, type: 3}
--- !u!4 &2648994826168388393 stripped
Transform:
  m_CorrespondingSourceObject: {fileID: 6842810121340941553, guid: d66266cf3caff0041b43081e27ffae69,
    type: 3}
  m_PrefabInstance: {fileID: 8806108811223121880}
  m_PrefabAsset: {fileID: 0}
